@INPROCEEDINGS{Zheng2015, 
  author={Yanxu Zheng and S. Rajasegarar and C. Leckie}, 
  booktitle={2015 IEEE Tenth International Conference on Intelligent Sensors, Sensor Networks and Information Processing (ISSNIP)}, 
  title={Parking availability prediction for sensor-enabled car parks in smart cities}, 
  year={2015}, 
  pages={1-6}, 
  keywords={Internet of Things;learning (artificial intelligence);sensors;smart cities;traffic information systems;Australia;City of Melbourne;City of San Francisco;Internet of Things;IoT;USA;government applications;low-cost low-power communication technology;low-cost low-power sensing technology;machine learning methods;parking availability prediction;parking occupancy rate;pervasive network infrastructure;physical environments;physical objects;real-time car parking information;road congestion;sensor-enabled car parks;smart car parking scenarios;smart cities;urban infrastructure;Artificial neural networks;Cities and towns;Prediction algorithms;Predictive models;Regression tree analysis;Support vector machines}, 
  doi={10.1109/ISSNIP.2015.7106902}, 
  month={April},
  url={http://ieeexplore.ieee.org/document/7106902/},
}

@INPROCEEDINGS{Rajabioun2013, 
  author={T. Rajabioun and B. Foster and P. Ioannou}, 
  booktitle={21st Mediterranean Conference on Control and Automation}, 
  title={Intelligent parking assist}, 
  year={2013}, 
  pages={1156-1161}, 
  keywords={traffic information systems;air pollution reduction;intelligent parking assist system;off-street parking garages;on-street parking meters;parking guiding-information system;prediction algorithm;real-time parking information;server structure;traffic congestion;urban environments;Availability;Legged locomotion;Prediction algorithms;Real-time systems;Vehicles;Web servers;Availability;Parking;Parking Guiding and Information Systems;Prediction}, 
  doi={10.1109/MED.2013.6608866}, 
  month={June},
  url={http://ieeexplore.ieee.org/document/6608866/},
}

@misc{quinn2008,
  title={System and method for predicting parking spot availability},
  author={J. Quinn},
  url={https://www.google.com/patents/US20080048885},
  year={2008},
  month=feb # "~28",
  publisher={Google Patents},
  note={US Patent App. 11/849,493}
}

% http://mechlab-engineering.de/2015/03/vorhersage-der-parkhausbelegung-mit-offenen-daten/
@misc{parkendd,
  title={Vorhersage der Parkhausbelegung mit Offenen Daten},
  author={Paul Balzer},
  url={http://mechlab-engineering.de/2015/03/vorhersage-der-parkhausbelegung-mit-offenen-daten/},
  year={2015},
  month=mar,
  publisher={MechLab Engineering UG (haftungsbeschr√§nkt)},
  note={Available: http://mechlab-engineering.de/2015/03/vorhersage-der-parkhausbelegung-mit-offenen-daten/ [Accessed: 24.01.2017]}
}

