report_1.bib